@BOOK{Fossen2011,
	title = {Handbook of Marine Craft Hydrodynamics and Motion Control},
	publisher = {John Wiley \& Sons, Ltd},
	year = {2011},
	author = {Fossen, Thor. I.},
	booktitle = {Handbook of Marine Craft Hydrodynamics and Motion Control}
}

@INPROCEEDINGS{Falmar2016Tracking,
    author={Erik Falmår Wilthil and Edmund Førland Brekke},
    booktitle={2016 19th International Conference on Information Fusion (FUSION)},
    title={Compensation of navigation uncertainty for target tracking on a moving platform},
    year={2016},
    pages={1616-1621},
    keywords={Kalman filters;compensation;correlation methods;marine navigation;mean square error methods;sensor placement;target tracking;Schmidt-Kalman filter;navigation uncertainty;root mean square error;sensor orientation;sensor position;target tracking;tracking sensor;Kalman filters;Measurement uncertainty;Navigation;Position measurement;Radar tracking;Target tracking;Uncertainty},
    doi={},
    ISSN={},
    month={July},
}

@book{lozano2013unmanned,
  title={Unmanned aerial vehicles: Embedded control},
  author={Lozano, Rogelio},
  year={2013},
  publisher={John Wiley \& Sons}
}

@book{egeland2002modeling,
  title={Modeling and simulation for automatic control},
  author={Egeland, Olav and Gravdahl, Jan Tommy},
  volume={76},
  year={2002},
  publisher={Marine Cybernetics Trondheim, Norway}
}

@inproceedings{voos2010nonlinear,
  title={Nonlinear tracking and landing controller for quadrotor aerial robots},
  author={Voos, Holger and Bou-Ammar, Haitham},
  booktitle={Control Applications (CCA), 2010 IEEE International Conference on},
  pages={2136--2141},
  year={2010},
  organization={IEEE}
}

@book{nicolai2001fundamentals,
  title={Fundamentals of aircraft and airship design},
  author={Nicolai, Leland M and Carichner, Grant},
  year={2001},
  publisher={American Institute of Aeronautics and Astronautics,}
}

@article{vik2009integrated,
  title={Integrated satellite and inertial navigation systems},
  author={Vik, Bj{\o}rnar},
  journal={Department of Engineering Cybernetics, NTNU},
  year={2009}
}

@book{brown1997introduction,
  title={Introduction to random signals and applied Kalman filtering: with MATLAB exercises and solutions},
  author={Brown, Robert Grover and Hwang, Patrick YC},
  journal={Introduction to random signals and applied Kalman filtering: with MATLAB exercises and solutions, by Brown, Robert Grover.; Hwang, Patrick YC New York: Wiley, c1997.},
  year={1997}
}

@book{beard2012small,
  title={Small unmanned aircraft: Theory and practice},
  author={Beard, Randal W and McLain, Timothy W},
  year={2012},
  publisher={Princeton university press}
}

@inproceedings{tailanian2014design,
  title={Design and implementation of sensor data fusion for an autonomous quadrotor},
  author={Tailanian, Matias and Paternain, Santiago and Rosa, Rodrigo and Canetti, Rafael},
  booktitle={Instrumentation and Measurement Technology Conference (I2MTC) Proceedings, 2014 IEEE International},
  pages={1431--1436},
  year={2014},
  organization={IEEE}
}

@inproceedings{tiemann2015design,
  title={Design of an UWB indoor-positioning system for UAV navigation in GNSS-denied environments},
  author={Tiemann, Janis and Schweikowski, Florian and Wietfeld, Christian},
  booktitle={Indoor Positioning and Indoor Navigation (IPIN), 2015 International Conference on},
  pages={1--7},
  year={2015},
  organization={IEEE}
}

@inproceedings{zou2016development,
  title={The development of indoor positioning aerial robot based on motion capture system},
  author={Zou, Jie-Tong and Wang, Chi-Yi and Wang, Yueh Min},
  booktitle={Advanced Materials for Science and Engineering (ICAMSE), International Conference on},
  pages={380--383},
  year={2016},
  organization={IEEE}
}

@inproceedings{huang2015monocular,
  title={Monocular vision-based autonomous navigation system on a toy quadcopter in unknown environments},
  author={Huang, Rui and Tan, Ping and Chen, Ben M},
  booktitle={Unmanned Aircraft Systems (ICUAS), 2015 International Conference on},
  pages={1260--1269},
  year={2015},
  organization={IEEE}
}

@book{groves2013principles,
  title={Principles of GNSS, inertial, and multisensor integrated navigation systems},
  author={Groves, Paul D},
  year={2013},
  publisher={Artech house}
}

@inproceedings{roumeliotis1999circumventing,
  title={Circumventing dynamic modeling: Evaluation of the error-state kalman filter applied to mobile robot localization},
  author={Roumeliotis, Stergios I and Sukhatme, Gaurav S and Bekey, George A},
  booktitle={Robotics and Automation, 1999. Proceedings. 1999 IEEE International Conference on},
  volume={2},
  pages={1656--1663},
  year={1999},
  organization={IEEE}
}

@inproceedings{martin2010true,
  title={The true role of accelerometer feedback in quadrotor control},
  author={Martin, Philippe and Sala{\"u}n, Erwan},
  booktitle={Robotics and Automation (ICRA), 2010 IEEE International Conference on},
  pages={1623--1629},
  year={2010},
  organization={IEEE}
}

@book{spong2006robot,
  title={Robot modeling and control},
  author={Spong, Mark W and Hutchinson, Seth and Vidyasagar, Mathukumalli},
  volume={3},
  year={2006},
  publisher={Wiley New York}
}

@online{daimlerVisionVan,
  author = "Daimler AG",
  title = "The Mercedes-Benz Vision Van",
  year = "2017",
  url = "\url{https://www.daimler.com/innovation/specials/vision-van/en/}",
  note = "[Online; accessed 16-December-2017]"
}

@online{theguardian:UAV,
  author = "Samuel Gibbs and agencies",
  title = "First successful ship-to-shore drone delivery takes place in New Jersey",
  year = "2016",
  url = "\url{https://www.theguardian.com/technology/2016/jun/24/first-successful-ship-to-shore-drone-delivery-new-jersey}",
  note = "[Online; accessed 16-December-2017]"
}

@article{borowczyk2016autonomous,
  title={Autonomous Landing of a Multirotor Micro Air Vehicle on a High Velocity Ground Vehicle},
  author={Borowczyk, Alexandre and Nguyen, Duc-Tien and Nguyen, Andr{\'e} Phu-Van and Nguyen, Dang Quang and Saussi{\'e}, David and Ny, Jerome Le},
  journal={arXiv preprint arXiv:1611.07329},
  year={2016}
}

@article{araar2017vision,
  title={Vision based autonomous landing of multirotor UAV on moving platform},
  author={Araar, Oualid and Aouf, Nabil and Vitanov, Ivan},
  journal={Journal of Intelligent \& Robotic Systems},
  volume={85},
  number={2},
  pages={369--384},
  year={2017},
  publisher={Springer}
}

@inproceedings{julier2015bernoulli,
  title={Bernoulli filtering on a moving platform},
  author={Julier, Simon J and Gning, Amadou},
  booktitle={Information Fusion (Fusion), 2015 18th International Conference on},
  pages={1511--1518},
  year={2015},
  organization={IEEE}
}


@book{BlundellMichael;HartyDamian2004TMSA,
  publisher = "Elsevier Science",
  isbn = "0750651121",
  year = "2004",
  title = "The Multibody Systems Approach to Vehicle Dynamics",
  language = "eng",
  author = "Blundell, Michael ; Harty, Damian",
  keywords = "Motor Vehicles -- Dynamics -- Computer Simulation;",
month = "July",
}


@book{GrewalMohinderS2014KF:T,
publisher = "Wiley",
isbn = "9781118984918",
year = "2014",
title = "Kalman Filtering : Theory and Practice with MATLAB (4)",
language = "eng",
address = "Somerset",
author = "Grewal, Mohinder S",
keywords = "Technology & Engineering ; Remote Sensing & Geographic Information Systems",
month = "December",
url = "http://site.ebrary.com/id/11220889",
}

@INPROCEEDINGS{yang2010,
author={C. Yang and E. Blasch and P. Douville},
booktitle={2010 IEEE Aerospace Conference},
title={Design of Schmidt-Kalman filter for target tracking with navigation errors},
year={2010},
volume={},
number={},
pages={1-12},
keywords={Kalman filters;Monte Carlo methods;design;navigation;target tracking;Monte Carlo simulation;Schmidt-Kalman filter design;consider covariance;covariance matrix;mean squared errors;regular Kalman filters;structural navigation errors;target tracking;tracking sensor location;Covariance matrix;Filters;Force sensors;Missiles;Navigation;Position measurement;Radar measurements;Radar tracking;Sensor fusion;Target tracking},
doi={10.1109/AERO.2010.5446689},
ISSN={1095-323X},
month={March},}

@incollection{Shneydor199877,
title = "Chapter 4 - Parallel Navigation ",
editor = "Shneydor, N.A. ",
booktitle = "Missile Guidance and Pursuit ",
publisher = "Woodhead Publishing",
edition = "",
address = "",
year = "1998",
pages = "77 - 100",
isbn = "978-1-904275-37-4",
doi = "https://doi.org/10.1533/9781782420590.77",
url = "https://www.sciencedirect.com/science/article/pii/B9781904275374500095",
author = "N.A. Shneydor"
}
@incollection{Shneydor1998xiii,
title = "Introduction ",
editor = "Shneydor, N.A. ",
booktitle = "Missile Guidance and Pursuit ",
publisher = "Woodhead Publishing",
edition = "",
address = "",
year = "1998",
pages = "xiii - xvi",
isbn = "978-1-904275-37-4",
doi = "https://doi.org/10.1016/B978-1-904275-37-4.50005-8",
url = "https://www.sciencedirect.com/science/article/pii/B9781904275374500058",
author = "N.A. Shneydor"
}
@article{breivik2010topics,
  title={Topics in guided motion control of marine vehicles},
  author={Breivik, Morten},
  year={2010},
  publisher={Tapir Uttrykk}
}
@article{BREIVIK2007349,
title = "APPLYING MISSILE GUIDANCE CONCEPTS TO MOTION CONTROL OF MARINE Craft",
journal = "IFAC Proceedings Volumes",
volume = "40",
number = "17",
pages = "349 - 354",
year = "2007",
note = "7th IFAC Conference on Control Applications in Marine Systems",
issn = "1474-6670",
doi = "https://doi.org/10.3182/20070919-3-HR-3904.00061",
url = "http://www.sciencedirect.com/science/article/pii/S1474667015321200",
author = "Morten Breivik and Thor I. Fossen",
keywords = "Missile guidance, Motion camouflage, Robotic interception, Marine craft, Modular control design, Nonlinear model-based control, Asymptotic interception"
}

@article{Aruco2014,
 title = "Automatic generation and detection of highly reliable fiducial markers under occlusion ",
 journal = "Pattern Recognition ",
 volume = "47",
 number = "6",
 pages = "2280 - 2292",
 year = "2014",
 issn = "0031-3203",
 doi = "http://dx.doi.org/10.1016/j.patcog.2014.01.005",
 url = "http://www.sciencedirect.com/science/article/pii/S0031320314000235",
 author = "S. Garrido-Jurado and R. Mu\~noz-Salinas and F.J. Madrid-Cuevas and M.J. Mar\'in-Jim\'enez"
}
@misc{KhalilHassanK2015Ns,
publisher = "Pearson",
isbn = "9781784490133",
year = "2015",
title = "Nonlinear systems",
edition = "Third Edition.",
language = "eng",
address = "Harlow, England",
author = "Khalil, Hassan K",
keywords = "Ikke-lineær fysikk; ikke-lineær; fysikk",
}
@book{cai2011unmanned,
  title={Unmanned rotorcraft systems},
  author={Cai, Guowei and Chen, Ben M and Lee, Tong Heng},
  year={2011},
  publisher={Springer Science \& Business Media}
}
@article{belleter2016control,
  title={Control of Underactuated Marine Vehicles in the Presence of Environmental Disturbances},
  author={Belleter, Dennis JW},
  year={2016},
  publisher={NTNU}
}
@online{AboutROS,
  author = {{}{Open Source Robotics Foundation}},
  title = {About ROS},
  year = 2018,
  url = {http://www.ros.org/about-ros/},
  urldate = {2019-05-21}
}
% to cite the sofware library
@misc{itseez2018opencv,
  title={Open Source Computer Vision Library},
  author={Itseez},
  year={2018},
  howpublished = {\url{https://github.com/itseez/opencv}}
}
% to cite the manual
@misc{itseez2017theopencv,
  title = {The OpenCV Reference Manual},
  author = {Itseez},
  organization = {Itseez},
  year = 2017,
  url = {https://docs.opencv.org/3.3.1/},
  urldate = {2017-10-24}
}
@article{tordal2017relative,
  title={Relative Vessel Motion Tracking using Sensor Fusion, Aruco Markers, and MRU Sensors},
  author={T{\o}rdal, Sondre Sanden and Hovland, Geir},
  year={2017}
}
@online{mavros,
  author = {{}{Open Source Robotics Foundation}},
  title = {MavROS},
  year = 2018,
  url = {http://wiki.ros.org/mavros},
  urldate = {2018-03-03}
}
@article{foss2013merging,
  title={Merging optimization and control},
  author={Foss, Bjarne and Heirung, Tor Aksel N},
  journal={Lecture Notes},
  year={2013}
}
@misc(MatlabOTB,
  key = {MATLAB Optimization Toolbox},
  author = {MATLAB},
  title = {MATLAB Optimization Toolbox Version 8.0},
  year = {2017},
  note = {The MathWorks, Natick, MA, USA}
}
@article{Line2017,
 title = "Autonomous Takeoff and Landing of a Multirotor UAV on a Platform in Motion",
 year = "2017",
 author = "Vegard Line"
}
